<record><leader>00000cas a22000007a 4500</leader><controlfield tag="001">11578307</controlfield><controlfield tag="008">850114d182u1823inuwr ne      0    0eng d</controlfield><datafield ind1=" " ind2=" " tag="010"><subfield code="a">sn 85047659 </subfield></datafield><datafield ind1=" " ind2=" " tag="040"><subfield code="a">NPI</subfield><subfield code="b">eng</subfield><subfield code="c">NPI</subfield><subfield code="d">IUL</subfield><subfield code="d">KRTAS</subfield><subfield code="d">OCLCQ</subfield><subfield code="d">OCLCF</subfield><subfield code="d">OCLCO</subfield></datafield><datafield ind1="1" ind2=" " tag="029"><subfield code="a">AU@</subfield><subfield code="b">000025837943</subfield></datafield><datafield ind1=" " ind2=" " tag="042"><subfield code="a">msc</subfield></datafield><datafield ind1=" " ind2=" " tag="043"><subfield code="a">n-us-in</subfield></datafield><datafield ind1="0" ind2=" " tag="130"><subfield code="a">Oracle (Lawrenceburg, Ind. : 1820)</subfield></datafield><datafield ind1="1" ind2="4" tag="245"><subfield code="a">The Oracle.</subfield></datafield><datafield ind1=" " ind2=" " tag="260"><subfield code="a">Lawrenceburgh, Ind. :</subfield><subfield code="b">Dunn and McPike</subfield></datafield><datafield ind1=" " ind2=" " tag="300"><subfield code="a">2 v. ;</subfield><subfield code="c">45 cm.</subfield></datafield><datafield ind1=" " ind2=" " tag="310"><subfield code="a">Weekly</subfield></datafield><datafield ind1="1" ind2=" " tag="362"><subfield code="a">Began in 1820 or 1821 and ceased in 1823.</subfield></datafield><datafield ind1=" " ind2=" " tag="515"><subfield code="a">Issue numbers are sequential within the series of titles which began with the "Indiana oracle" and concluded with the "Indiana oracle and Dearborn gazette." Volume numbers changed annually.</subfield></datafield><datafield ind1=" " ind2=" " tag="580"><subfield code="a">Merged with: Dearborn gazette (Lawrenceburg, Ind. : 1817); to form: Indiana oracle and Dearborn gazette.</subfield></datafield><datafield ind1=" " ind2=" " tag="588"><subfield code="a">Description based on: Vol. 2, no. 58 (June 9, 1821).</subfield></datafield><datafield ind1=" " ind2="0" tag="651"><subfield code="a">Lawrenceburg (Ind.)</subfield><subfield code="v">Newspapers.</subfield></datafield><datafield ind1=" " ind2="0" tag="651"><subfield code="a">Dearborn County (Ind.)</subfield><subfield code="v">Newspapers.</subfield></datafield><datafield ind1=" " ind2="7" tag="655"><subfield code="a">Newspapers.</subfield><subfield code="2">fast</subfield><subfield code="0">(OCoLC)fst01423814</subfield></datafield><datafield ind1=" " ind2="7" tag="651"><subfield code="a">Indiana</subfield><subfield code="z">Dearborn County.</subfield><subfield code="2">fast</subfield><subfield code="0">(OCoLC)fst01216007</subfield></datafield><datafield ind1=" " ind2="7" tag="651"><subfield code="a">Indiana</subfield><subfield code="z">Lawrenceburg.</subfield><subfield code="2">fast</subfield><subfield code="0">(OCoLC)fst01238715</subfield></datafield><datafield ind1=" " ind2=" " tag="752"><subfield code="a">United States</subfield><subfield code="b">Indiana</subfield><subfield code="c">Dearborn</subfield><subfield code="d">Lawrenceburg.</subfield></datafield><datafield ind1="0" ind2="0" tag="780"><subfield code="t">Indiana oracle</subfield><subfield code="w">(DLC)sn 84038177</subfield></datafield><datafield ind1="1" ind2="7" tag="785"><subfield code="t">Dearborn gazette (Lawrenceburg, Ind. : 1817)</subfield><subfield code="w">(DLC)sn 84038176</subfield></datafield><datafield ind1="1" ind2="7" tag="785"><subfield code="t">Indiana oracle and Dearborn gazette</subfield><subfield code="w">(DLC)sn 85047660</subfield></datafield><datafield ind1=" " ind2=" " tag="938"><subfield code="a">Kirtas Technologies, Inc.</subfield><subfield code="b">KRTS</subfield><subfield code="n">738967</subfield></datafield></record>